<collection xmlns="http://www.loc.gov/MARC21/slim"><record><leader>00790nam  2200217   450</leader><controlfield tag="001">560</controlfield><controlfield tag="003">http://montalegre.opacnet.com/OPAC/default.aspx?ContentAreaControl=ShowRegHoldings.ascx&amp;RegNo=16662</controlfield><datafield tag="095" ind1=" " ind2=" "><subfield code="a">PTBN00037333</subfield></datafield><datafield tag="100" ind1=" " ind2=" "><subfield code="a">19821201d1981    m  y0pora0103    ba</subfield></datafield><datafield tag="101" ind1="1" ind2=" "><subfield code="a">por</subfield><subfield code="c">ger</subfield></datafield><datafield tag="102" ind1=" " ind2=" "><subfield code="a">PT</subfield></datafield><datafield tag="200" ind1="1" ind2=" "><subfield code="a">Deus dorme em Masúria</subfield><subfield code="f">Hans Hellmut Kirst</subfield><subfield code="g">trad. José Saramago</subfield></datafield><datafield tag="210" ind1=" " ind2=" "><subfield code="a">Mem Martins</subfield><subfield code="c">Europa-América</subfield><subfield code="d">1981</subfield></datafield><datafield tag="215" ind1=" " ind2=" "><subfield code="a">333, [1] p.</subfield><subfield code="d">18 cm</subfield></datafield><datafield tag="225" ind1="2" ind2=" "><subfield code="a">Livros de bolso Europa-América</subfield><subfield code="v">282</subfield></datafield><datafield tag="304" ind1=" " ind2=" "><subfield code="a">Tít. orig. Gott schlaft in Masuren</subfield></datafield><datafield tag="675" ind1=" " ind2=" "><subfield code="a">821.161.1-31"19"</subfield><subfield code="v">BN</subfield><subfield code="z">por</subfield><subfield code="z">por</subfield></datafield><datafield tag="700" ind1=" " ind2="1"><subfield code="a">Kirst</subfield><subfield code="b">Hans Hellmut</subfield><subfield code="f">1914-1989</subfield><subfield code="3">46406</subfield></datafield><datafield tag="702" ind1=" " ind2="1"><subfield code="a">Saramago</subfield><subfield code="b">José</subfield><subfield code="f">1922-</subfield><subfield code="4">730</subfield><subfield code="3">10526</subfield></datafield><datafield tag="801" ind1=" " ind2="0"><subfield code="a">PT</subfield><subfield code="b">Biblioteca Municipal de Montalegre</subfield><subfield code="g">RPC</subfield></datafield><datafield tag="856" ind1=" " ind2=" "><subfield code="u">locateMedia.asp?cod=20060518115323&amp;ext=jpg</subfield><subfield code="z">CAPA</subfield></datafield><datafield tag="909" ind1="&#9;" ind2=" "><subfield code="a">1</subfield></datafield><datafield tag="966" ind1=" " ind2=" "><subfield code="a">0005344</subfield><subfield code="l">BMM</subfield><subfield code="s">SCG 821 KIR deu 282</subfield></datafield></record></collection>